<?xml version="1.0" encoding="UTF-8"?><record xmlns="http://www.loc.gov/MARC21/slim" xmlns:cinclude="http://apache.org/cocoon/include/1.0" xmlns:zs="http://www.loc.gov/zing/srw/">
  <leader>00481cz  a2200133n  4500</leader>
  <controlfield tag="001">n  50018316 </controlfield>
  <controlfield tag="003">DLC</controlfield>
  <controlfield tag="005">19991027053329.0</controlfield>
  <controlfield tag="008">800423n| acannaab|          |n aaa      </controlfield>
  <datafield tag="010" ind1=" " ind2=" ">
    <subfield code="a">n  50018316 </subfield>
  </datafield>
  <datafield tag="040" ind1=" " ind2=" ">
    <subfield code="a">DLC</subfield>
    <subfield code="c">DLC</subfield>
    <subfield code="d">Uk</subfield>
  </datafield>
  <datafield tag="100" ind1="1" ind2="0">
    <subfield code="a">Guffey, George Robert</subfield>
  </datafield>
  <datafield tag="670" ind1=" " ind2=" ">
    <subfield code="a">Traherne, T.</subfield>
    <subfield code="b">Christian ethicks, 1968.</subfield>
  </datafield>
  <datafield tag="670" ind1=" " ind2=" ">
    <subfield code="a">Eaton Conf. on Sci. Fic. and Fantasy Lit., 1st, Univ. of Calif., Riverside, 1979.</subfield>
    <subfield code="b">Bridges to science fiction, c1980: t.p. (Guffey, George R.) CIP data (b. 7/17/32)</subfield>
  </datafield>
</record>